%YAML 1.1
%TAG !u! tag:unity3d.com,2011:
--- !u!1 &1687966287711494644
GameObject:
  m_ObjectHideFlags: 0
  m_CorrespondingSourceObject: {fileID: 0}
  m_PrefabInstance: {fileID: 0}
  m_PrefabAsset: {fileID: 0}
  serializedVersion: 6
  m_Component:
  - component: {fileID: 7087279945582389702}
  - component: {fileID: 994835720749052637}
  - component: {fileID: 855780802026487481}
  m_Layer: 5
  m_Name: TMP SubMeshUI [LiberationSans SDF Material + LiberationSans SDF Atlas]
  m_TagString: Untagged
  m_Icon: {fileID: 0}
  m_NavMeshLayer: 0
  m_StaticEditorFlags: 0
  m_IsActive: 1
--- !u!224 &7087279945582389702
RectTransform:
  m_ObjectHideFlags: 0
  m_CorrespondingSourceObject: {fileID: 0}
  m_PrefabInstance: {fileID: 0}
  m_PrefabAsset: {fileID: 0}
  m_GameObject: {fileID: 1687966287711494644}
  m_LocalRotation: {x: 0, y: 0, z: 0, w: 1}
  m_LocalPosition: {x: 0, y: 0, z: 0}
  m_LocalScale: {x: 1, y: 1, z: 1}
  m_Children: []
  m_Father: {fileID: 1545141875255323777}
  m_RootOrder: 0
  m_LocalEulerAnglesHint: {x: 0, y: 0, z: 0}
  m_AnchorMin: {x: 0, y: 0}
  m_AnchorMax: {x: 1, y: 1}
  m_AnchoredPosition: {x: 0, y: 0}
  m_SizeDelta: {x: 0, y: 0}
  m_Pivot: {x: 0.5, y: 0.5}
--- !u!222 &994835720749052637
CanvasRenderer:
  m_ObjectHideFlags: 0
  m_CorrespondingSourceObject: {fileID: 0}
  m_PrefabInstance: {fileID: 0}
  m_PrefabAsset: {fileID: 0}
  m_GameObject: {fileID: 1687966287711494644}
  m_CullTransparentMesh: 0
--- !u!114 &855780802026487481
MonoBehaviour:
  m_ObjectHideFlags: 0
  m_CorrespondingSourceObject: {fileID: 0}
  m_PrefabInstance: {fileID: 0}
  m_PrefabAsset: {fileID: 0}
  m_GameObject: {fileID: 1687966287711494644}
  m_Enabled: 1
  m_EditorHideFlags: 0
  m_Script: {fileID: 11500000, guid: 058cba836c1846c3aa1c5fd2e28aea77, type: 3}
  m_Name: 
  m_EditorClassIdentifier: 
  m_Material: {fileID: 0}
  m_Color: {r: 1, g: 1, b: 1, a: 1}
  m_RaycastTarget: 1
  m_Maskable: 1
  m_OnCullStateChanged:
    m_PersistentCalls:
      m_Calls: []
  m_fontAsset: {fileID: 11400000, guid: 2e498d1c8094910479dc3e1b768306a4, type: 2}
  m_spriteAsset: {fileID: 0}
  m_material: {fileID: 0}
  m_sharedMaterial: {fileID: 0}
  m_isDefaultMaterial: 0
  m_padding: 1.25
  m_canvasRenderer: {fileID: 994835720749052637}
  m_TextComponent: {fileID: 1422399771977729123}
  m_materialReferenceIndex: 1
--- !u!1 &8481688004119964594
GameObject:
  m_ObjectHideFlags: 0
  m_CorrespondingSourceObject: {fileID: 0}
  m_PrefabInstance: {fileID: 0}
  m_PrefabAsset: {fileID: 0}
  serializedVersion: 6
  m_Component:
  - component: {fileID: 6797004637582126584}
  - component: {fileID: 8266697033423494777}
  - component: {fileID: 7932486550666430058}
  m_Layer: 5
  m_Name: TMP SubMeshUI [LiberationSans SDF Material + LiberationSans SDF Atlas]
  m_TagString: Untagged
  m_Icon: {fileID: 0}
  m_NavMeshLayer: 0
  m_StaticEditorFlags: 0
  m_IsActive: 1
--- !u!224 &6797004637582126584
RectTransform:
  m_ObjectHideFlags: 0
  m_CorrespondingSourceObject: {fileID: 0}
  m_PrefabInstance: {fileID: 0}
  m_PrefabAsset: {fileID: 0}
  m_GameObject: {fileID: 8481688004119964594}
  m_LocalRotation: {x: 0, y: 0, z: 0, w: 1}
  m_LocalPosition: {x: 0, y: 0, z: 0}
  m_LocalScale: {x: 1, y: 1, z: 1}
  m_Children: []
  m_Father: {fileID: 5712496001690872249}
  m_RootOrder: 0
  m_LocalEulerAnglesHint: {x: 0, y: 0, z: 0}
  m_AnchorMin: {x: 0, y: 0}
  m_AnchorMax: {x: 1, y: 1}
  m_AnchoredPosition: {x: 0, y: 0}
  m_SizeDelta: {x: 0, y: 0}
  m_Pivot: {x: 0.5, y: 0.5}
--- !u!222 &8266697033423494777
CanvasRenderer:
  m_ObjectHideFlags: 0
  m_CorrespondingSourceObject: {fileID: 0}
  m_PrefabInstance: {fileID: 0}
  m_PrefabAsset: {fileID: 0}
  m_GameObject: {fileID: 8481688004119964594}
  m_CullTransparentMesh: 0
--- !u!114 &7932486550666430058
MonoBehaviour:
  m_ObjectHideFlags: 0
  m_CorrespondingSourceObject: {fileID: 0}
  m_PrefabInstance: {fileID: 0}
  m_PrefabAsset: {fileID: 0}
  m_GameObject: {fileID: 8481688004119964594}
  m_Enabled: 1
  m_EditorHideFlags: 0
  m_Script: {fileID: 11500000, guid: 058cba836c1846c3aa1c5fd2e28aea77, type: 3}
  m_Name: 
  m_EditorClassIdentifier: 
  m_Material: {fileID: 0}
  m_Color: {r: 1, g: 1, b: 1, a: 1}
  m_RaycastTarget: 1
  m_Maskable: 1
  m_OnCullStateChanged:
    m_PersistentCalls:
      m_Calls: []
  m_fontAsset: {fileID: 11400000, guid: 2e498d1c8094910479dc3e1b768306a4, type: 2}
  m_spriteAsset: {fileID: 0}
  m_material: {fileID: 0}
  m_sharedMaterial: {fileID: 0}
  m_isDefaultMaterial: 0
  m_padding: 1.25
  m_canvasRenderer: {fileID: 8266697033423494777}
  m_TextComponent: {fileID: 411473261544972433}
  m_materialReferenceIndex: 1
--- !u!1001 &8463074322384490552
PrefabInstance:
  m_ObjectHideFlags: 0
  serializedVersion: 2
  m_Modification:
    m_TransformParent: {fileID: 0}
    m_Modifications:
    - target: {fileID: 2102566240419279901, guid: 1ca3dbcb57b2bad40ab77afb0ae51865,
        type: 3}
      propertyPath: m_Materials.Array.data[0]
      value: 
      objectReference: {fileID: 3720110254220062103, guid: 8834efae3397bf449b60890353ead9b9,
        type: 3}
    - target: {fileID: 2335069736196571202, guid: 1ca3dbcb57b2bad40ab77afb0ae51865,
        type: 3}
      propertyPath: m_LocalScale.x
      value: 2
      objectReference: {fileID: 0}
    - target: {fileID: 2719856038050513524, guid: 1ca3dbcb57b2bad40ab77afb0ae51865,
        type: 3}
      propertyPath: m_LocalScale.x
      value: 2
      objectReference: {fileID: 0}
    - target: {fileID: 3318673522422141044, guid: 1ca3dbcb57b2bad40ab77afb0ae51865,
        type: 3}
      propertyPath: m_Materials.Array.data[0]
      value: 
      objectReference: {fileID: 3720110254220062103, guid: 8834efae3397bf449b60890353ead9b9,
        type: 3}
    - target: {fileID: 4194044881215863169, guid: 1ca3dbcb57b2bad40ab77afb0ae51865,
        type: 3}
      propertyPath: m_SizeDelta.x
      value: 1
      objectReference: {fileID: 0}
    - target: {fileID: 4194044881215863169, guid: 1ca3dbcb57b2bad40ab77afb0ae51865,
        type: 3}
      propertyPath: m_SizeDelta.y
      value: 0.5
      objectReference: {fileID: 0}
    - target: {fileID: 5659586550343420174, guid: 1ca3dbcb57b2bad40ab77afb0ae51865,
        type: 3}
      propertyPath: m_Name
      value: AdresaZnak
      objectReference: {fileID: 0}
    - target: {fileID: 6918535186533170361, guid: 1ca3dbcb57b2bad40ab77afb0ae51865,
        type: 3}
      propertyPath: m_SizeDelta.x
      value: 1
      objectReference: {fileID: 0}
    - target: {fileID: 6918535186533170361, guid: 1ca3dbcb57b2bad40ab77afb0ae51865,
        type: 3}
      propertyPath: m_SizeDelta.y
      value: 0.5
      objectReference: {fileID: 0}
    - target: {fileID: 7408280991860610139, guid: 1ca3dbcb57b2bad40ab77afb0ae51865,
        type: 3}
      propertyPath: m_textInfo.characterCount
      value: 22
      objectReference: {fileID: 0}
    - target: {fileID: 7408280991860610139, guid: 1ca3dbcb57b2bad40ab77afb0ae51865,
        type: 3}
      propertyPath: m_textInfo.wordCount
      value: 3
      objectReference: {fileID: 0}
    - target: {fileID: 7408280991860610139, guid: 1ca3dbcb57b2bad40ab77afb0ae51865,
        type: 3}
      propertyPath: m_textInfo.lineCount
      value: 2
      objectReference: {fileID: 0}
    - target: {fileID: 7408280991860610139, guid: 1ca3dbcb57b2bad40ab77afb0ae51865,
        type: 3}
      propertyPath: m_textInfo.pageCount
      value: 1
      objectReference: {fileID: 0}
    - target: {fileID: 7408280991860610139, guid: 1ca3dbcb57b2bad40ab77afb0ae51865,
        type: 3}
      propertyPath: m_fontSizeMin
      value: 0.05
      objectReference: {fileID: 0}
    - target: {fileID: 7408280991860610139, guid: 1ca3dbcb57b2bad40ab77afb0ae51865,
        type: 3}
      propertyPath: m_fontSizeMax
      value: 0.2
      objectReference: {fileID: 0}
    - target: {fileID: 7408280991860610139, guid: 1ca3dbcb57b2bad40ab77afb0ae51865,
        type: 3}
      propertyPath: m_fontSize
      value: 0.15
      objectReference: {fileID: 0}
    - target: {fileID: 7408280991860610139, guid: 1ca3dbcb57b2bad40ab77afb0ae51865,
        type: 3}
      propertyPath: m_text
      value: "Ulica Marije Jambri\u0161ak"
      objectReference: {fileID: 0}
    - target: {fileID: 7408280991860610139, guid: 1ca3dbcb57b2bad40ab77afb0ae51865,
        type: 3}
      propertyPath: m_textInfo.spaceCount
      value: 2
      objectReference: {fileID: 0}
    - target: {fileID: 7408280991860610139, guid: 1ca3dbcb57b2bad40ab77afb0ae51865,
        type: 3}
      propertyPath: m_textInfo.materialCount
      value: 2
      objectReference: {fileID: 0}
    - target: {fileID: 7408280991860610139, guid: 1ca3dbcb57b2bad40ab77afb0ae51865,
        type: 3}
      propertyPath: m_subTextObjects.Array.data[1]
      value: 
      objectReference: {fileID: 855780802026487481}
    - target: {fileID: 8126527281268043945, guid: 1ca3dbcb57b2bad40ab77afb0ae51865,
        type: 3}
      propertyPath: m_textInfo.characterCount
      value: 22
      objectReference: {fileID: 0}
    - target: {fileID: 8126527281268043945, guid: 1ca3dbcb57b2bad40ab77afb0ae51865,
        type: 3}
      propertyPath: m_textInfo.wordCount
      value: 3
      objectReference: {fileID: 0}
    - target: {fileID: 8126527281268043945, guid: 1ca3dbcb57b2bad40ab77afb0ae51865,
        type: 3}
      propertyPath: m_textInfo.lineCount
      value: 2
      objectReference: {fileID: 0}
    - target: {fileID: 8126527281268043945, guid: 1ca3dbcb57b2bad40ab77afb0ae51865,
        type: 3}
      propertyPath: m_textInfo.pageCount
      value: 1
      objectReference: {fileID: 0}
    - target: {fileID: 8126527281268043945, guid: 1ca3dbcb57b2bad40ab77afb0ae51865,
        type: 3}
      propertyPath: m_text
      value: "Ulica Marije Jambri\u0161ak"
      objectReference: {fileID: 0}
    - target: {fileID: 8126527281268043945, guid: 1ca3dbcb57b2bad40ab77afb0ae51865,
        type: 3}
      propertyPath: m_textInfo.spaceCount
      value: 2
      objectReference: {fileID: 0}
    - target: {fileID: 8126527281268043945, guid: 1ca3dbcb57b2bad40ab77afb0ae51865,
        type: 3}
      propertyPath: m_fontSize
      value: 0.15
      objectReference: {fileID: 0}
    - target: {fileID: 8126527281268043945, guid: 1ca3dbcb57b2bad40ab77afb0ae51865,
        type: 3}
      propertyPath: m_textInfo.materialCount
      value: 2
      objectReference: {fileID: 0}
    - target: {fileID: 8126527281268043945, guid: 1ca3dbcb57b2bad40ab77afb0ae51865,
        type: 3}
      propertyPath: m_subTextObjects.Array.data[1]
      value: 
      objectReference: {fileID: 7932486550666430058}
    - target: {fileID: 8126527281268043945, guid: 1ca3dbcb57b2bad40ab77afb0ae51865,
        type: 3}
      propertyPath: m_fontSizeMax
      value: 0.2
      objectReference: {fileID: 0}
    - target: {fileID: 8126527281268043945, guid: 1ca3dbcb57b2bad40ab77afb0ae51865,
        type: 3}
      propertyPath: m_fontSizeMin
      value: 0.05
      objectReference: {fileID: 0}
    - target: {fileID: 8705944217313786653, guid: 1ca3dbcb57b2bad40ab77afb0ae51865,
        type: 3}
      propertyPath: m_LocalPosition.x
      value: -0
      objectReference: {fileID: 0}
    - target: {fileID: 8705944217313786653, guid: 1ca3dbcb57b2bad40ab77afb0ae51865,
        type: 3}
      propertyPath: m_LocalPosition.y
      value: 0
      objectReference: {fileID: 0}
    - target: {fileID: 8705944217313786653, guid: 1ca3dbcb57b2bad40ab77afb0ae51865,
        type: 3}
      propertyPath: m_LocalPosition.z
      value: 0
      objectReference: {fileID: 0}
    - target: {fileID: 8705944217313786653, guid: 1ca3dbcb57b2bad40ab77afb0ae51865,
        type: 3}
      propertyPath: m_LocalRotation.x
      value: 0
      objectReference: {fileID: 0}
    - target: {fileID: 8705944217313786653, guid: 1ca3dbcb57b2bad40ab77afb0ae51865,
        type: 3}
      propertyPath: m_LocalRotation.y
      value: -0
      objectReference: {fileID: 0}
    - target: {fileID: 8705944217313786653, guid: 1ca3dbcb57b2bad40ab77afb0ae51865,
        type: 3}
      propertyPath: m_LocalRotation.z
      value: -0
      objectReference: {fileID: 0}
    - target: {fileID: 8705944217313786653, guid: 1ca3dbcb57b2bad40ab77afb0ae51865,
        type: 3}
      propertyPath: m_LocalRotation.w
      value: 1
      objectReference: {fileID: 0}
    - target: {fileID: 8705944217313786653, guid: 1ca3dbcb57b2bad40ab77afb0ae51865,
        type: 3}
      propertyPath: m_RootOrder
      value: 0
      objectReference: {fileID: 0}
    - target: {fileID: 8705944217313786653, guid: 1ca3dbcb57b2bad40ab77afb0ae51865,
        type: 3}
      propertyPath: m_LocalEulerAnglesHint.x
      value: 0
      objectReference: {fileID: 0}
    - target: {fileID: 8705944217313786653, guid: 1ca3dbcb57b2bad40ab77afb0ae51865,
        type: 3}
      propertyPath: m_LocalEulerAnglesHint.y
      value: 0
      objectReference: {fileID: 0}
    - target: {fileID: 8705944217313786653, guid: 1ca3dbcb57b2bad40ab77afb0ae51865,
        type: 3}
      propertyPath: m_LocalEulerAnglesHint.z
      value: 0
      objectReference: {fileID: 0}
    m_RemovedComponents: []
  m_SourcePrefab: {fileID: 100100000, guid: 1ca3dbcb57b2bad40ab77afb0ae51865, type: 3}
--- !u!224 &5712496001690872249 stripped
RectTransform:
  m_CorrespondingSourceObject: {fileID: 4194044881215863169, guid: 1ca3dbcb57b2bad40ab77afb0ae51865,
    type: 3}
  m_PrefabInstance: {fileID: 8463074322384490552}
  m_PrefabAsset: {fileID: 0}
--- !u!114 &411473261544972433 stripped
MonoBehaviour:
  m_CorrespondingSourceObject: {fileID: 8126527281268043945, guid: 1ca3dbcb57b2bad40ab77afb0ae51865,
    type: 3}
  m_PrefabInstance: {fileID: 8463074322384490552}
  m_PrefabAsset: {fileID: 0}
  m_GameObject: {fileID: 0}
  m_Enabled: 1
  m_EditorHideFlags: 0
  m_Script: {fileID: 11500000, guid: f4688fdb7df04437aeb418b961361dc5, type: 3}
  m_Name: 
  m_EditorClassIdentifier: 
--- !u!224 &1545141875255323777 stripped
RectTransform:
  m_CorrespondingSourceObject: {fileID: 6918535186533170361, guid: 1ca3dbcb57b2bad40ab77afb0ae51865,
    type: 3}
  m_PrefabInstance: {fileID: 8463074322384490552}
  m_PrefabAsset: {fileID: 0}
--- !u!114 &1422399771977729123 stripped
MonoBehaviour:
  m_CorrespondingSourceObject: {fileID: 7408280991860610139, guid: 1ca3dbcb57b2bad40ab77afb0ae51865,
    type: 3}
  m_PrefabInstance: {fileID: 8463074322384490552}
  m_PrefabAsset: {fileID: 0}
  m_GameObject: {fileID: 0}
  m_Enabled: 1
  m_EditorHideFlags: 0
  m_Script: {fileID: 11500000, guid: f4688fdb7df04437aeb418b961361dc5, type: 3}
  m_Name: 
  m_EditorClassIdentifier: 
